<?xml version="1.0" encoding="UTF-8"?><record xmlns="http://www.loc.gov/MARC21/slim" xmlns:cinclude="http://apache.org/cocoon/include/1.0" xmlns:zs="http://www.loc.gov/zing/srw/">
  <leader>00556cz  a2200145n  4500</leader>
  <controlfield tag="001">n 2011210723</controlfield>
  <controlfield tag="003">DLC</controlfield>
  <controlfield tag="005">20130109080321.0</controlfield>
  <controlfield tag="008">110709n| acannaabn          |b aaa      </controlfield>
  <datafield tag="010" ind1=" " ind2=" ">
    <subfield code="a">n 2011210723</subfield>
  </datafield>
  <datafield tag="040" ind1=" " ind2=" ">
    <subfield code="a">DLC</subfield>
    <subfield code="b">eng</subfield>
    <subfield code="c">DLC</subfield>
    <subfield code="d">DLC</subfield>
  </datafield>
  <datafield tag="100" ind1="1" ind2=" ">
    <subfield code="a">Lamaʻmarī, Muḥammad</subfield>
  </datafield>
  <datafield tag="400" ind1="1" ind2=" ">
    <subfield code="a">‏لمعمري، محمد</subfield>
  </datafield>
  <datafield tag="667" ind1=" " ind2=" ">
    <subfield code="a">Non-Latin script reference not evaluated.</subfield>
  </datafield>
  <datafield tag="670" ind1=" " ind2=" ">
    <subfield code="a">Qarārāt al-Majlis al-Aʻlá wa-āthāruhā fī al-māddah al-madanīyah, 2010:</subfield>
    <subfield code="b">t.p. (محمد لمعمري = Muḥammad Lamaʻmarī, Qāḍin, duktūr fī al-ḥuqūq)</subfield>
  </datafield>
</record>